@article{rr-paper,
  author    = {Ajit Singh, Priyanka Goyal, Sahil Batra},
  title     = {An Optimized Round Robin Scheduling Algorithm
for CPU Scheduling},
  journal   = {International Journal of Computer Science and Engineering},
  volume    = {Vol. 02, No. 07,},
  year      = {2010},
  url       = {http://www.enggjournals.com/ijcse/doc/IJCSE10-02-07-83.pdf},
  timestamp = {Wed, 07 Jun 2017 14:40:26 +0200},
  biburl    = {http://dblp.org/rec/bib/journals/corr/DashSS16},
  bibsource = {dblp computer science bibliography, http://dblp.org}
}

@article{rr-paper2,
  title={A New Round Robin Based Scheduling Algorithm for Operating Systems: Dynamic Quantum Using the Mean Average},
  author={Abbas Noon and Ali Kalakech and Seifedine Kadry},
  journal={International Journal of Computer Science and Engineering},
  year={2011},
  volume={Vol 8, Issue 3, No. 1},
  url={https://arxiv.org/pdf/1111.5348.pdf}
}

@article{rr-paper3,
author = {Matarneh, Rami},
year = {2009},
month = {10},
pages = {},
title = {Self-Adjustment Time Quantum in Round Robin Algorithm Depending on Burst Time of the Now Running Processes},
volume = {6},
booktitle = {American Journal of Applied Sciences}
}

@article{rr-paper4,
  author    = {Manish Kumar Mishra and Dr. Faizur Rashid},
  title     = {An Improved Round Robin CPU Scheduling Algorithm with Varying Time Quantum},
  journal   = {International Journal of Computer Science and Engineering},
  volume    = {Vol 4, No. 4},
  year      = {2014},
  url       = {http://airccse.org/journal/ijcsea/papers/4414ijcsea01.pdf},
}

@article{rr-paper5,
  author = {Ishwari Singh Rajput and Deepa Gupta},
  title = {A Priority based Round Robin CPU Scheduling Algorithm for Real Time Systems},
  journal = {International Journal of Innovations in Engineering and Technology},
  volume = {Vol 1, Issue 3},
  year = {2012},
  url = {http://ijiet.com/wp-content/uploads/2012/11/1.pdf}
}

@article{ga-size,
  author = {V.K. Koumousis, C.P. Katsaras},
  title = {A saw-tooth genetic algorithm combining the effects of variable population size and reinitialization to enhance performance},
  journal = {IEEE Transactions on Evolutionary Computation},
  volume = {Volume 10, Issue 1},
  date = 2006,
  month = feb,
  publisher = {IEEE Computational Intelligence Society},

}

@book{os,
 author = {Silberschatz, Abraham and Galvin, Peter B. and Gagne, Greg},
 title = {Operating System Concepts Essentials},
 year = {2013},
 isbn = {9781118804926},
 edition = {2nd},
 publisher = {Wiley Publishing},
} 

@book{ga-java,
  author = {Daniel W. Dyer},
  title = {Evolutionary Computation in Java - A Practical Guide to the Watchmaker Framework},
  year = {2010},
  url = {https://watchmaker.uncommons.org/manual/index.html},
}

@misc{context-switch,
	title = {Context Switch Definition},
	year = {2006},
	month = {5},
	journal = {The Linux Information Project},	
	url = {http://www.linfo.org/context_switch.html}
}